<record><leader>00000cas a22000007a 4500</leader><controlfield tag="001">18573455</controlfield><controlfield tag="008">881006d19151954aruwr ne      0    0eng d</controlfield><datafield ind1=" " ind2=" " tag="010"><subfield code="a">sn 88051103 </subfield></datafield><datafield ind1=" " ind2=" " tag="040"><subfield code="a">ANU</subfield><subfield code="b">eng</subfield><subfield code="c">ANU</subfield><subfield code="d">OCLCQ</subfield></datafield><datafield ind1=" " ind2=" " tag="042"><subfield code="a">msc</subfield></datafield><datafield ind1="0" ind2=" " tag="130"><subfield code="a">Weekly tribune (Russellville, Ark. : 1915)</subfield></datafield><datafield ind1="1" ind2="4" tag="245"><subfield code="a">The Weekly tribune.</subfield></datafield><datafield ind1=" " ind2=" " tag="260"><subfield code="a">Russellville, Ark. :</subfield><subfield code="b">C.W. Dodd</subfield></datafield><datafield ind1=" " ind2=" " tag="300"><subfield code="a">v.</subfield></datafield><datafield ind1=" " ind2=" " tag="310"><subfield code="a">Weekly</subfield></datafield><datafield ind1="1" ind2=" " tag="362"><subfield code="a">Began in 1915.</subfield></datafield><datafield ind1="0" ind2=" " tag="362"><subfield code="a">-v. 40, no. 16 (Dec. 30, 1954).</subfield></datafield><datafield ind1=" " ind2=" " tag="588"><subfield code="a">Description based on: Vol. 1, no. 49 (Aug. 2, 1916).</subfield></datafield><datafield ind1=" " ind2=" " tag="752"><subfield code="a">United States</subfield><subfield code="b">Arkansas</subfield><subfield code="c">Pope</subfield><subfield code="d">Russellville.</subfield></datafield><datafield ind1="0" ind2=" " tag="775"><subfield code="t">Advertiser (Russellville, Ark.)</subfield><subfield code="w">(DLC)sn 90050145</subfield></datafield><datafield ind1="0" ind2="6" tag="780"><subfield code="t">Pope County record (Russellville, Ark. : 1917)</subfield><subfield code="w">(DLC)sn 90050152</subfield></datafield><datafield ind1="0" ind2="4" tag="785"><subfield code="t">Courier=Democrat (Russellville, Ark. : Weekly)</subfield><subfield code="w">(DLC)sn 88051107</subfield></datafield><datafield ind1="1" ind2=" " tag="029"><subfield code="a">AU@</subfield><subfield code="b">000025804660</subfield></datafield></record>